% This file was created with Citavi 6.3.0.0

@misc{LandesbetriebGeoinformationundVermessung.28.02.2018,
 year = {28.02.2018},
 title = {ALKIS Verwaltungsgrenzen Hamburg},
 url = {http://suche.transparenz.hamburg.de/dataset/alkis-verwaltungsgrenzen-hamburg8?forceWeb=true},
 urldate = {09.02.2019}
}


@article{Murjahn.2016,
 author = {Murjahn, Roswitha and Tegtmeyer, Sascha},
 year = {2016},
 title = {Open Data/Transparenzportal Hamburg--Grundlagen, Umsetzung, Erfahrungen, Auswirkungen},
 pages = {330--335},
 volume = {5},
 number = {2016},
 journal = {Zfv--Z F{\"u}r Geod{\"a}sie Geoinformation Landmanagement}
}


